@misc{qppqlivingreview,
  author = {Amaro, Ã“scar and Cruz, Diogo},
  title = {A Living Review of Quantum Computing for Plasma Physics},
  publisher = {arXiv},
  year = {2023},
  doi = {10.48550/ARXIV.2302.00001},
  url = {https://arxiv.org/abs/2302.00001},
  keywords = {Plasma Physics (physics.plasm-ph), Quantum Physics (quant-ph), FOS: Physical sciences, FOS: Physical sciences},
  copyright = {arXiv.org perpetual, non-exclusive license}
}